<?xml version="1.0" encoding="UTF-8"?><collection><record><leader>04683ntm a2200493 a 4500</leader><controlfield tag="001">006819652</controlfield><controlfield tag="003">MiAaHDL</controlfield><controlfield tag="005">20190719000000.0</controlfield><controlfield tag="006">m        d        </controlfield><controlfield tag="007">cr bn ---auaua</controlfield><controlfield tag="008">090617q17271728xx            00| ||ota d</controlfield><datafield tag="035" ind1=" " ind2=" "><subfield code="a">(MiU)006819652</subfield></datafield><datafield tag="035" ind1=" " ind2=" "><subfield code="a">sdr-miu006819652</subfield></datafield><datafield tag="040" ind1=" " ind2=" "><subfield code="a">MiU</subfield><subfield code="c">MiU</subfield><subfield code="e">amremm</subfield></datafield><datafield tag="043" ind1=" " ind2=" "><subfield code="a">n-us-mi</subfield></datafield><datafield tag="245" ind1="0" ind2="0"><subfield code="6">880-03</subfield><subfield code="a">Kıssa-yi Ebülmihcen ve sair-i mucizat,</subfield><subfield code="f">[1140, i.e. 1727 or 1728].</subfield></datafield><datafield tag="246" ind1="3" ind2="8"><subfield code="a">Kissa i Ebu l-Mihdjen</subfield></datafield><datafield tag="260" ind1=" " ind2=" "><subfield code="c">[1727 or 1728].</subfield></datafield><datafield tag="300" ind1=" " ind2=" "><subfield code="a">76 leaves :</subfield><subfield code="b">paper ;</subfield><subfield code="c">210 x 165 (175 x 110) mm.</subfield></datafield><datafield tag="500" ind1=" " ind2=" "><subfield code="a">Shelfmark: Ann Arbor, University of Michigan, Special Collections Library, Isl. Ms. 857</subfield></datafield><datafield tag="500" ind1=" " ind2=" "><subfield code="a">Origin: As appears at close on p.165, dated 1140 [1727 or 8].</subfield></datafield><datafield tag="500" ind1=" " ind2=" "><subfield code="a">Accompanying materials: a. Slip with notes in hand of Eleazar Birnbaum, "Author ? | Title ? | [Title on flyleaf in a different hand KIṢṢA-I EBŪʼL MIHCAN VE SĀʼIR MUʻJIZĀT. "The Story of Abū al-Mihjan and other marvels" | The events of the early years of Islam in Ottoman Turkish. folk poetry. couplets, style possibly 15-16th cent. | Date [of copy] 1140 AH (1727-1728 A.D. | E Birnbaum June 1964" -- b. Slip with description (in hand of E. Husselman ?) "Ḳissah i Abū al-Mahjan. Turkish A.H. 1140 (= A.D. 1727) | So Nuttall's list | Nothing found about this anywhere."</subfield></datafield><datafield tag="500" ind1=" " ind2=" "><subfield code="a">Former shelfmark: Mich. Isl. Ms. temp. no. 6</subfield></datafield><datafield tag="500" ind1=" " ind2=" "><subfield code="a">Binding: Pasteboards covered in dark brown leather with dark red-brown leather now over spine (repair) ; Type II binding (with flap) ; board linings in yellow-tinted paper ; upper and lower covers carry blind-stamped mandorla (filled with symmetrical vegetal composition) ; spine gold-stamped "K¨ISSA ¨I EBU L-MIHDJEN | MS. 1140" ; head edge of text block gilt ; now sewn in white thread over four recessed cords ; overall in fair condition with minor abrasion, staining, etc. ; repairs to spine (rebacked) and flap in dark red-brown and dark brown leathers.</subfield></datafield><datafield tag="500" ind1=" " ind2=" "><subfield code="a">Support: European laid paper with 8 laid lines per cm. (vertical), chain lines spaced 26-28 mm. apart (horizontal) and three crescents watermark (roughly 95 mm. long, perpendicular to chains, see p.12, 16, etc.), quite dense and sturdy, cream in color, well-burnished.</subfield></datafield><datafield tag="500" ind1=" " ind2=" "><subfield code="a">Script: Naskh ; clear, spacious hand ; mainly serifless with slight effect of tilt to the left, rounded with curvilinear descenders, some elongation of horizontal strokes, open and closed counters, pointing (for two and three dots) mainly in conjoined dots ; fully vocalized.</subfield></datafield><datafield tag="500" ind1=" " ind2=" "><subfield code="a">Layout: Written in 25 lines per page, with written area divided to two columns ; frame-ruled.</subfield></datafield><datafield tag="500" ind1=" " ind2=" "><subfield code="a">Collation: iii, 6 V(60), 2 IV(76), iii ; quinions followed by two quaternions ; catchwords present ; foliation in black ink (now fading), Western numerals ; pagination in pencil, Western numerals, supplied during digitization (includes flyleaves and mistakenly skips ahead 8 pages following p.90 with p.99).</subfield></datafield><datafield tag="500" ind1=" " ind2=" "><subfield code="a">Explicit: "بوفاني دنياده يارى وفادار بولم ديرسك سكا يار اول سكا يار سنه ١١٤٠"</subfield></datafield><datafield tag="500" ind1=" " ind2=" "><subfield code="a">Incipit: "بو بنده چاره اولورسه ايدر اول موسى بويله ددى طوتدم كنه يول ..."</subfield></datafield><datafield tag="500" ind1=" " ind2=" "><subfield code="a">Title from inscription on 'title page' (p.7).</subfield></datafield><datafield tag="500" ind1=" " ind2=" "><subfield code="a">Ms. codex.</subfield></datafield><datafield tag="520" ind1="8" ind2=" "><subfield code="a">Careful copy of a poetic rendering of uncertain authorship relating the tale of Abū Miḥjan ʻAbd Allāh ibn Ḥabīb, Arab poet of the Thāqif tribe who converted to Islam in 631-2 and fought at al-Qādisīyah. Eleazar Birnbaum (who examined the manuscript in June, 1964) has characterized the form as folk poetry couplets, style possibly 15-16th cent.</subfield></datafield><datafield tag="538" ind1=" " ind2=" "><subfield code="a">Mode of access: Internet.</subfield></datafield><datafield tag="541" ind1=" " ind2=" "><subfield code="c">Gift ;</subfield><subfield code="a">Acquired from Frank E. Nuttall (1875-1943).</subfield></datafield><datafield tag="546" ind1=" " ind2=" "><subfield code="a">Ottoman Turkish.</subfield></datafield><datafield tag="561" ind1=" " ind2=" "><subfield code="a">Notes in French (in a now greyish ink) on 'title page' (p.7) ; brief waqf statements or marks appear occasionally in margins "وقف" or "وقف وقف وقف" ; otherwise fairly clean copy.</subfield></datafield><datafield tag="600" ind1="0" ind2="0"><subfield code="a">Abū Miḥjan al-Thaqafī,</subfield><subfield code="d">active 629-637</subfield><subfield code="v">Poetry</subfield><subfield code="v">Early works to 1800.</subfield></datafield><datafield tag="650" ind1=" " ind2="0"><subfield code="a">Manuscripts, Turkish</subfield><subfield code="z">Michigan</subfield><subfield code="z">Ann Arbor.</subfield></datafield><datafield tag="650" ind1=" " ind2="0"><subfield code="a">Islam</subfield><subfield code="x">History</subfield><subfield code="v">Poetry</subfield><subfield code="v">Early works to 1800.</subfield></datafield><datafield tag="650" ind1=" " ind2="0"><subfield code="a">Folk poetry, Turkish</subfield><subfield code="v">Early works to 1800.</subfield></datafield><datafield tag="700" ind1="1" ind2=" "><subfield code="a">Nuttall, Frank E.,</subfield><subfield code="d">1875-1943,</subfield><subfield code="e">former owner.</subfield></datafield><datafield tag="773" ind1="0" ind2=" "><subfield code="a">F. E. Nuttall Collection.</subfield></datafield><datafield tag="880" ind1="0" ind2="0"><subfield code="6">245-03/</subfield><subfield code="a">قصۀ ابو المحجن وسائر معجزات,</subfield><subfield code="f">[1140ه, 1727 او 1728م].</subfield></datafield><datafield tag="CID" ind1=" " ind2=" "><subfield code="a">006819652</subfield></datafield><datafield tag="DAT" ind1="0" ind2=" "><subfield code="a">20190719102639.0</subfield><subfield code="b">20190719000000.0</subfield></datafield><datafield tag="DAT" ind1="1" ind2=" "><subfield code="a">20190719090653.0</subfield><subfield code="b">2019-07-19T16:12:09Z</subfield></datafield><datafield tag="DAT" ind1="2" ind2=" "><subfield code="a">2015-10-02T18:00:03Z</subfield></datafield><datafield tag="CAT" ind1=" " ind2=" "><subfield code="a">SDR-MIU</subfield><subfield code="d">EX LIBRIS - ALEPH</subfield><subfield code="l">prepare.pl-004-008</subfield></datafield><datafield tag="FMT" ind1=" " ind2=" "><subfield code="a">BK</subfield></datafield><datafield tag="HOL" ind1=" " ind2=" "><subfield code="0">sdr-miu006819652</subfield><subfield code="a">MiU</subfield><subfield code="b">SDR</subfield><subfield code="c">MIU</subfield><subfield code="p">mdp.39015079130442</subfield><subfield code="s">MIU</subfield><subfield code="1">006819652</subfield></datafield><datafield tag="974" ind1=" " ind2=" "><subfield code="b">MIU</subfield><subfield code="c">MIU</subfield><subfield code="d">20190719</subfield><subfield code="s">lit-dlps-dc</subfield><subfield code="u">mdp.39015079130442</subfield><subfield code="y">1728</subfield><subfield code="r">pd</subfield><subfield code="q">bib</subfield><subfield code="t">non-US bib date2 &lt; 1879</subfield></datafield></record></collection>